<?xml version="1.0" encoding="UTF-8"?><collection xmlns="http://www.loc.gov/MARC21/slim"><record><leader>00476nam--2200181-u-4500</leader><controlfield tag="001">000050846</controlfield><controlfield tag="002">20161230</controlfield><controlfield tag="005">20161230201048</controlfield><controlfield tag="008">080415s1000------------r-----000-0-eng-d</controlfield><datafield ind1=" " ind2=" " tag="040"><subfield code="a">IFIN-HH</subfield></datafield><datafield ind1=" " ind2=" " tag="080"><subfield code="a">51</subfield></datafield><datafield ind1="1" ind2=" " tag="100"><subfield code="a">Vovsi,Samuel M</subfield></datafield><datafield ind1="1" ind2="0" tag="245"><subfield code="a">Triangular Products of Group Representations and Their Applilcations</subfield></datafield><datafield ind1=" " ind2=" " tag="260"><subfield code="a">Boston</subfield><subfield code="b">Birkhauser</subfield><subfield code="c">1981</subfield></datafield><datafield ind1=" " ind2=" " tag="300"><subfield code="a">127 p</subfield></datafield><datafield ind1=" " ind2=" " tag="490"><subfield code="a">Progress in Mathematics</subfield><subfield code="v">Vol.17</subfield></datafield><datafield ind1=" " ind2=" " tag="852"><subfield code="c">51</subfield></datafield><datafield ind1=" " ind2=" " tag="CAT"><subfield code="a">Sys</subfield><subfield code="c">20080415</subfield><subfield code="h">094938</subfield></datafield></record></collection>